@misc{arxivAttentionNeed,
	author = {},
	title = {{A}ttention {I}s {A}ll {Y}ou {N}eed --- arxiv.org},
	howpublished = {\url{https://arxiv.org/abs/1706.03762}},
	year = {},
	note = {[Accessed 01-01-2025]},
}

@misc{huggingfaceSunobarksmallHugging,
	author = {},
	title = {suno/bark-small Â· {H}ugging {F}ace --- huggingface.co},
	howpublished = {\url{https://huggingface.co/suno/bark-small}},
	year = {},
	note = {[Accessed 01-01-2025]},
}

@inproceedings{NEURIPS2019_bdbca288,
 author = {Paszke, Adam and Gross, Sam and Massa, Francisco and Lerer, Adam and Bradbury, James and Chanan, Gregory and Killeen, Trevor and Lin, Zeming and Gimelshein, Natalia and Antiga, Luca and Desmaison, Alban and Kopf, Andreas and Yang, Edward and DeVito, Zachary and Raison, Martin and Tejani, Alykhan and Chilamkurthy, Sasank and Steiner, Benoit and Fang, Lu and Bai, Junjie and Chintala, Soumith},
 booktitle = {Advances in Neural Information Processing Systems},
 editor = {H. Wallach and H. Larochelle and A. Beygelzimer and F. d\textquotesingle Alch\'{e}-Buc and E. Fox and R. Garnett},
 pages = {},
 publisher = {Curran Associates, Inc.},
 title = {PyTorch: An Imperative Style, High-Performance Deep Learning Library},
 url = {https://proceedings.neurips.cc/paper_files/paper/2019/file/bdbca288fee7f92f2bfa9f7012727740-Paper.pdf},
 volume = {32},
 year = {2019}
}


@article{lundh1999introduction,
 title={An introduction to tkinter},
 author={Lundh, Fredrik},
 journal={URL: www. pythonware. com/library/tkinter/introduction/index. htm},
 year={1999}
}

@misc{huggingfaceHuggingFace,
	author = {},
	title = {{H}ugging {F}ace - {D}ocumentation --- huggingface.co},
	howpublished = {\url{https://huggingface.co/docs}},
	year = {},
	note = {[Accessed 01-01-2025]},
}